Date,Revenue,Expenses,Marketing_Spend,Customer_Count,Region,Product_Category
1/1/2020,"$108,447","$30,661","$10,845",232,South,Furniture
1/2/2020,"$186,394","$74,843","$26,162",301,North,Clothing
1/3/2020,"$135,703","$90,963","$8,906",447,West,Clothing
1/4/2020,"$136,090","$72,828","$25,021",120,South,Electronics
1/5/2020,"$77,260","$78,604","$24,337",341,North,Furniture
1/6/2020,"$172,581","$40,526","$27,313",208,South,Electronics
1/7/2020,"$63,812","$98,910","$17,413",402,East,Groceries
1/8/2020,"$176,148","$55,592","$5,276",183,South,Clothing
1/9/2020,"$176,421","$58,982","$23,383",182,South,Electronics
1/10/2020,"$61,605","$30,207","$22,611",390,East,Electronics
1/11/2020,"$132,303","$98,619","$11,337",168,West,Clothing
1/12/2020,"$136,125","$59,328","$16,944",228,North,Furniture
1/13/2020,"$184,040","$76,479","$25,119",295,East,Electronics
1/14/2020,"$64,324","$50,103","$20,906",239,South,Clothing
1/15/2020,"$136,323","$69,891","$22,079",382,North,Furniture
1/16/2020,"$69,111","$40,754","$25,536",411,East,Groceries
1/17/2020,"$76,389","$85,922","$29,285",333,North,Clothing
1/18/2020,"$182,177","$78,231","$28,854",122,North,Electronics
1/19/2020,"$101,427","$59,301","$17,306",252,East,Groceries
1/20/2020,"$182,883","$92,711","$28,921",376,North,Furniture
1/21/2020,"$191,189","$71,323","$15,503",160,West,Furniture
1/22/2020,"$185,808","$48,752","$24,225",418,East,Clothing
1/23/2020,"$172,221","$43,395","$9,208",477,West,Clothing
1/24/2020,"$73,234","$86,273","$16,590",151,South,Clothing
1/25/2020,"$113,441","$34,895","$15,886",443,North,Furniture
1/26/2020,"$60,846","$40,699","$17,866",252,South,Groceries
1/27/2020,"$70,954","$95,061","$6,088",336,South,Furniture
1/28/2020,"$139,239","$39,715","$8,363",410,North,Electronics
1/29/2020,"$106,514","$49,169","$5,024",401,East,Furniture
1/30/2020,"$148,236","$46,163","$14,764",131,North,Electronics
1/31/2020,"$157,579","$35,782","$27,528",154,South,Groceries
2/1/2020,"$197,541","$65,585","$27,052",451,South,Clothing
2/2/2020,"$102,101","$60,682","$25,620",488,East,Clothing
2/3/2020,"$124,323","$77,864","$14,959",135,North,Furniture
2/4/2020,"$151,922","$85,114","$17,935",209,South,Clothing
2/5/2020,"$187,534","$68,067","$13,068",276,West,Groceries
2/6/2020,"$127,584","$72,685","$23,619",461,South,Clothing
2/7/2020,"$164,537","$48,073","$12,295",413,South,Furniture
2/8/2020,"$138,477","$66,035","$13,392",394,East,Groceries
2/9/2020,"$102,533","$94,977","$16,390",435,West,Electronics
2/10/2020,"$61,828","$95,450","$13,448",196,South,Furniture
2/11/2020,"$61,917","$40,382","$25,131",468,South,Electronics
2/12/2020,"$80,618","$34,437","$15,433",312,West,Groceries
2/13/2020,"$92,254","$94,612","$20,038",416,North,Furniture
2/14/2020,"$165,292","$91,929","$24,559",236,North,Furniture
2/15/2020,"$107,362","$42,329","$16,528",105,South,Groceries
2/16/2020,"$80,128","$55,169","$26,281",208,South,Clothing
2/17/2020,"$183,781","$64,594","$26,421",134,North,Furniture
2/18/2020,"$125,545","$90,631","$20,743",138,East,Furniture
2/19/2020,"$142,180","$75,033","$28,811",249,West,Electronics
2/20/2020,"$147,958","$93,133","$13,605",217,West,Clothing
2/21/2020,"$193,291","$82,290","$7,014",360,East,Electronics
2/22/2020,"$99,809","$61,750","$6,381",186,East,Electronics
2/23/2020,"$176,748","$70,461","$6,098",175,East,Clothing
2/24/2020,"$65,287","$54,226","$24,810",412,East,Clothing
2/25/2020,"$68,512","$36,721","$25,039",482,East,Groceries
2/26/2020,"$192,414","$86,154","$29,322",313,East,Clothing
2/27/2020,"$168,872","$50,609","$14,101",384,West,Furniture
2/28/2020,"$153,070","$82,130","$5,187",338,East,Clothing
2/29/2020,"$139,767","$85,249","$16,948",264,North,Groceries
3/1/2020,"$157,829","$78,895","$15,207",186,East,Groceries
3/2/2020,"$102,078","$35,656","$26,793",240,East,Groceries
3/3/2020,"$166,288","$93,740","$7,092",259,West,Clothing
3/4/2020,"$143,524","$94,309","$23,514",145,West,Clothing
3/5/2020,"$72,219","$59,984","$10,242",471,East,Electronics
3/6/2020,"$60,235","$35,901","$13,549",211,West,Electronics
3/7/2020,"$102,929","$61,552","$27,031",144,South,Furniture
3/8/2020,"$187,309","$61,055","$10,185",346,West,Electronics
3/9/2020,"$127,444","$67,685","$20,271",203,West,Furniture
3/10/2020,"$199,639","$44,716","$10,776",184,West,Groceries
3/11/2020,"$161,834","$41,138","$17,449",233,West,Electronics
3/12/2020,"$144,555","$65,298","$29,297",207,North,Clothing
3/13/2020,"$133,698","$81,112","$28,931",117,North,Electronics
3/14/2020,"$184,450","$53,429","$12,823",193,North,Furniture
3/15/2020,"$196,487","$80,200","$20,717",249,East,Electronics
3/16/2020,"$103,925","$78,244","$12,355",345,East,Groceries
3/17/2020,"$197,023","$47,347","$11,465",388,South,Clothing
3/18/2020,"$147,388","$46,920","$17,737",308,North,Furniture
3/19/2020,"$68,007","$61,822","$22,881",225,East,Clothing
3/20/2020,"$118,596","$76,659","$18,324",334,West,Clothing
3/21/2020,"$181,101","$70,108","$15,350",221,West,Furniture
3/22/2020,"$148,861","$37,967","$7,555",237,North,Clothing
3/23/2020,"$146,740","$41,871","$26,793",214,South,Clothing
3/24/2020,"$75,524","$63,613","$7,951",261,South,Electronics
3/25/2020,"$191,149","$58,179","$22,622",300,West,Clothing
3/26/2020,"$185,501","$82,188","$9,727",333,South,Clothing
3/27/2020,"$80,611","$85,099","$25,349",127,North,Clothing
3/28/2020,"$74,060","$65,262","$10,686",110,West,Clothing
3/29/2020,"$103,303","$48,268","$8,701",305,East,Furniture
3/30/2020,"$99,711","$90,545","$7,780",266,East,Groceries
3/31/2020,"$133,340","$69,922","$28,782",346,South,Electronics
4/1/2020,"$162,974","$72,913","$22,972",146,West,Clothing
4/2/2020,"$127,728","$85,677","$7,368",345,West,Clothing
4/3/2020,"$71,246","$79,841","$20,592",226,East,Furniture
4/4/2020,"$187,796","$76,332","$27,173",246,West,Groceries
4/5/2020,"$152,263","$55,032","$5,436",217,West,Clothing
4/6/2020,"$195,090","$67,846","$7,828",498,West,Furniture
4/7/2020,"$71,302","$89,474","$6,556",481,South,Electronics
4/8/2020,"$127,506","$74,936","$28,954",251,West,Electronics
4/9/2020,"$101,157","$59,794","$18,364",171,North,Clothing
4/10/2020,"$114,917","$91,588","$28,864",462,South,Clothing
4/11/2020,"$156,646","$80,331","$20,061",236,West,Groceries
4/12/2020,"$143,122","$58,141","$15,576",274,West,Groceries
4/13/2020,"$84,519","$39,074","$21,566",388,North,Clothing
4/14/2020,"$140,910","$36,406","$12,190",118,South,Furniture
4/15/2020,"$180,430","$53,291","$28,071",294,East,Groceries
4/16/2020,"$131,324","$71,568","$10,565",429,East,Clothing
4/17/2020,"$65,408","$76,851","$28,625",274,South,Groceries
4/18/2020,"$119,379","$84,823","$20,369",453,West,Clothing
4/19/2020,"$85,053","$53,312","$29,035",240,West,Electronics
4/20/2020,"$191,994","$73,108","$26,959",345,East,Clothing
4/21/2020,"$158,723","$96,918","$6,589",484,East,Electronics
4/22/2020,"$111,356","$64,171","$5,159",192,East,Groceries
4/23/2020,"$70,789","$71,779","$17,145",338,North,Clothing
4/24/2020,"$157,720","$98,828","$20,373",304,East,Groceries
4/25/2020,"$126,656","$42,411","$11,555",147,North,Electronics
4/26/2020,"$104,028","$87,009","$21,237",344,South,Clothing
4/27/2020,"$124,484","$45,422","$14,203",419,West,Groceries
4/28/2020,"$92,154","$72,468","$13,244",416,East,Electronics
4/29/2020,"$62,336","$62,371","$19,743",394,West,Groceries
4/30/2020,"$163,677","$87,022","$18,333",227,West,Furniture
5/1/2020,"$127,779","$81,196","$18,341",443,East,Electronics
5/2/2020,"$79,029","$56,715","$28,230",381,East,Electronics
5/3/2020,"$119,201","$57,605","$23,691",116,South,Electronics
5/4/2020,"$92,265","$61,174","$6,228",170,North,Clothing
5/5/2020,"$162,916","$39,956","$28,610",368,North,Clothing
5/6/2020,"$106,197","$99,252","$10,590",424,West,Clothing
5/7/2020,"$185,733","$91,949","$28,303",381,East,Furniture
5/8/2020,"$131,907","$92,646","$10,585",404,South,Furniture
5/9/2020,"$188,876","$93,037","$14,227",106,South,Electronics
5/10/2020,"$124,435","$36,548","$11,046",413,South,Furniture
5/11/2020,"$100,631","$53,177","$17,237",404,South,Groceries
5/12/2020,"$189,038","$54,022","$20,649",202,South,Electronics
5/13/2020,"$80,103","$35,542","$9,945",408,North,Electronics
5/14/2020,"$124,772","$90,428","$12,927",292,North,Groceries
5/15/2020,"$186,108","$52,740","$17,641",340,North,Electronics
5/16/2020,"$74,382","$89,353","$20,998",161,East,Furniture
5/17/2020,"$144,291","$86,532","$18,386",116,West,Clothing
5/18/2020,"$161,195","$46,052","$12,016",270,South,Groceries
5/19/2020,"$194,828","$77,076","$19,027",124,East,Furniture
5/20/2020,"$80,609","$83,420","$20,920",350,South,Groceries
5/21/2020,"$135,683","$30,671","$29,142",352,North,Groceries
5/22/2020,"$184,714","$30,163","$18,752",486,East,Electronics
5/23/2020,"$190,330","$71,424","$26,470",306,North,Electronics
5/24/2020,"$131,315","$83,744","$28,545",128,South,Furniture
5/25/2020,"$137,834","$40,634","$23,268",216,South,Groceries
5/26/2020,"$186,205","$34,798","$23,193",381,West,Electronics
5/27/2020,"$74,153","$52,420","$8,167",479,South,Electronics
5/28/2020,"$136,325","$59,300","$16,989",243,North,Groceries
5/29/2020,"$115,318","$40,749","$27,736",124,South,Furniture
5/30/2020,"$191,886","$55,121","$19,087",409,West,Furniture
5/31/2020,"$175,033","$67,487","$27,440",255,West,Groceries
6/1/2020,"$136,077","$63,361","$7,437",172,North,Furniture
6/2/2020,"$150,474","$51,223","$27,852",219,East,Electronics
6/3/2020,"$193,515","$44,056","$20,275",411,South,Groceries
6/4/2020,"$133,319","$58,380","$27,335",420,West,Electronics
6/5/2020,"$185,885","$56,035","$10,276",192,South,Clothing
6/6/2020,"$169,777","$60,620","$13,859",185,South,Clothing
6/7/2020,"$77,368","$49,877","$12,818",435,East,Furniture
6/8/2020,"$151,751","$85,316","$9,728",463,West,Clothing
6/9/2020,"$87,306","$94,041","$24,008",217,South,Electronics
6/10/2020,"$97,219","$83,352","$10,738",332,West,Clothing
6/11/2020,"$120,279","$60,911","$25,616",298,North,Electronics
6/12/2020,"$113,028","$62,784","$10,793",305,North,Furniture
6/13/2020,"$164,263","$33,191","$9,523",438,South,Furniture
6/14/2020,"$60,126","$63,160","$10,571",246,West,Electronics
6/15/2020,"$112,329","$94,641","$21,209",370,South,Clothing
6/16/2020,"$87,632","$79,723","$20,246",486,West,Furniture
6/17/2020,"$169,945","$33,631","$15,380",238,West,Groceries
6/18/2020,"$115,176","$36,172","$7,224",280,East,Furniture
6/19/2020,"$194,869","$72,080","$13,389",129,East,Clothing
6/20/2020,"$94,560","$50,281","$20,927",156,East,Groceries
6/21/2020,"$136,589","$58,671","$27,475",331,South,Clothing
6/22/2020,"$82,116","$81,431","$16,684",245,East,Electronics
6/23/2020,"$192,717","$58,602","$15,640",483,East,Groceries
6/24/2020,"$184,085","$81,399","$13,662",147,North,Clothing
6/25/2020,"$177,718","$53,472","$11,361",293,West,Groceries
6/26/2020,"$79,256","$79,230","$6,948",323,West,Clothing
6/27/2020,"$160,158","$37,099","$17,091",235,East,Groceries
6/28/2020,"$179,719","$55,431","$16,992",121,West,Clothing
6/29/2020,"$128,244","$86,492","$28,478",105,North,Electronics
6/30/2020,"$116,264","$77,684","$11,318",303,North,Groceries
7/1/2020,"$117,545","$60,111","$25,180",338,East,Groceries
7/2/2020,"$99,224","$93,936","$17,180",284,North,Groceries
7/3/2020,"$157,945","$52,614","$5,234",459,West,Groceries
7/4/2020,"$73,224","$71,991","$20,372",391,South,Electronics
7/5/2020,"$100,738","$90,920","$24,991",434,West,Groceries
7/6/2020,"$123,731","$93,530","$29,427",319,South,Furniture
7/7/2020,"$199,649","$66,224","$5,522",215,East,Electronics
7/8/2020,"$68,070","$37,788","$27,288",412,South,Furniture
7/9/2020,"$186,161","$58,082","$17,718",148,North,Groceries
7/10/2020,"$68,666","$46,531","$26,272",272,West,Clothing
7/11/2020,"$117,761","$74,857","$14,821",181,South,Furniture
7/12/2020,"$96,368","$40,142","$10,832",421,West,Groceries
7/13/2020,"$197,855","$78,355","$17,820",432,East,Furniture
7/14/2020,"$101,914","$39,866","$21,211",144,East,Groceries
7/15/2020,"$187,738","$94,027","$12,122",434,North,Groceries
7/16/2020,"$127,526","$87,906","$10,842",119,East,Groceries
7/17/2020,"$79,956","$58,138","$6,316",320,South,Clothing
7/18/2020,"$106,240","$59,956","$18,200",222,East,Furniture
7/19/2020,"$181,008","$35,439","$22,508",333,North,Electronics
7/20/2020,"$154,270","$77,241","$27,005",320,West,Electronics
7/21/2020,"$64,757","$72,533","$26,807",422,West,Electronics
7/22/2020,"$79,097","$58,270","$20,206",438,East,Electronics
7/23/2020,"$163,892","$69,279","$23,971",102,South,Groceries
7/24/2020,"$130,480","$53,888","$27,056",281,North,Furniture
7/25/2020,"$106,163","$47,630","$6,378",305,South,Furniture
7/26/2020,"$79,816","$91,063","$24,758",419,North,Clothing
7/27/2020,"$112,853","$65,144","$6,519",139,East,Furniture
7/28/2020,"$156,731","$82,161","$27,161",158,North,Furniture
7/29/2020,"$122,823","$80,979","$12,935",161,North,Furniture
7/30/2020,"$61,759","$36,979","$11,093",231,East,Clothing
7/31/2020,"$152,374","$56,189","$29,802",159,South,Electronics
8/1/2020,"$193,554","$72,600","$10,355",471,East,Furniture
8/2/2020,"$84,442","$89,560","$26,352",430,North,Clothing
8/3/2020,"$153,501","$91,558","$14,083",221,East,Clothing
8/4/2020,"$62,079","$36,910","$10,574",206,North,Groceries
8/5/2020,"$193,789","$87,713","$25,456",195,East,Clothing
8/6/2020,"$119,676","$76,857","$18,324",446,West,Electronics
8/7/2020,"$150,397","$64,964","$7,257",334,West,Furniture
8/8/2020,"$132,847","$55,227","$29,972",485,East,Clothing
8/9/2020,"$153,607","$35,978","$18,411",161,South,Electronics
8/10/2020,"$124,077","$47,153","$20,233",355,North,Clothing
8/11/2020,"$98,258","$89,765","$20,887",148,West,Clothing
8/12/2020,"$197,717","$69,071","$25,808",492,South,Clothing
8/13/2020,"$179,771","$99,519","$24,621",447,North,Clothing
8/14/2020,"$98,000","$39,503","$25,277",258,West,Clothing
8/15/2020,"$86,737","$90,703","$7,005",223,West,Electronics
8/16/2020,"$71,485","$94,379","$23,400",416,East,Furniture
8/17/2020,"$98,565","$87,866","$15,860",306,North,Furniture
8/18/2020,"$179,614","$46,905","$15,070",147,South,Furniture
8/19/2020,"$125,155","$75,838","$14,388",235,South,Furniture
8/20/2020,"$112,487","$88,279","$23,156",300,South,Electronics
8/21/2020,"$189,948","$56,806","$29,737",349,North,Groceries
8/22/2020,"$72,342","$75,000","$25,360",413,South,Groceries
8/23/2020,"$100,806","$52,168","$23,135",456,South,Electronics
8/24/2020,"$108,770","$68,714","$28,814",467,South,Electronics
8/25/2020,"$138,623","$84,093","$19,609",417,East,Clothing
8/26/2020,"$163,177","$85,419","$28,554",394,East,Clothing
8/27/2020,"$191,026","$79,145","$27,853",413,North,Clothing
8/28/2020,"$135,629","$32,461","$21,363",308,North,Furniture
8/29/2020,"$180,993","$44,291","$24,604",454,South,Clothing
8/30/2020,"$186,944","$76,804","$21,923",310,East,Groceries
8/31/2020,"$165,947","$94,946","$19,823",291,West,Furniture
9/1/2020,"$86,399","$91,332","$22,845",143,West,Clothing
9/2/2020,"$188,177","$60,841","$26,568",128,South,Furniture
9/3/2020,"$169,575","$78,758","$13,547",158,South,Groceries
9/4/2020,"$170,904","$67,643","$16,515",170,East,Clothing
9/5/2020,"$90,678","$80,408","$5,234",191,East,Groceries
9/6/2020,"$136,218","$73,950","$19,562",364,East,Groceries
9/7/2020,"$123,230","$86,849","$22,932",482,North,Groceries
9/8/2020,"$134,055","$58,044","$12,480",319,North,Clothing
9/9/2020,"$132,258","$45,997","$9,213",489,South,Electronics
9/10/2020,"$99,986","$53,911","$15,293",499,North,Clothing
9/11/2020,"$145,595","$85,533","$6,673",314,East,Groceries
9/12/2020,"$161,358","$44,571","$28,092",486,East,Clothing
9/13/2020,"$124,929","$87,941","$29,366",376,North,Groceries
9/14/2020,"$133,506","$88,005","$7,100",163,West,Electronics
9/15/2020,"$94,911","$88,712","$16,849",445,South,Furniture
9/16/2020,"$147,127","$73,541","$25,132",391,West,Electronics
9/17/2020,"$173,453","$53,387","$24,557",344,South,Electronics
9/18/2020,"$144,458","$78,908","$23,199",161,West,Furniture
9/19/2020,"$72,175","$43,057","$8,841",431,North,Clothing
9/20/2020,"$179,235","$94,028","$15,197",269,South,Furniture
9/21/2020,"$114,771","$85,731","$13,016",368,South,Clothing
9/22/2020,"$187,157","$54,858","$12,011",366,South,Clothing
9/23/2020,"$181,300","$78,689","$9,493",153,East,Groceries
9/24/2020,"$146,925","$74,638","$22,058",115,East,Groceries
9/25/2020,"$126,358","$76,486","$29,472",107,West,Furniture
9/26/2020,"$107,057","$50,567","$13,578",203,North,Electronics
9/27/2020,"$66,150","$59,739","$7,158",158,East,Furniture
9/28/2020,"$64,425","$87,804","$24,045",412,South,Clothing
9/29/2020,"$76,032","$33,754","$7,064",139,East,Groceries
9/30/2020,"$62,198","$57,044","$8,253",336,North,Furniture
10/1/2020,"$178,865","$97,260","$26,363",485,East,Furniture
10/2/2020,"$199,777","$96,912","$29,087",193,South,Groceries
10/3/2020,"$83,236","$38,706","$17,828",321,West,Groceries
10/4/2020,"$147,955","$38,894","$6,401",303,South,Groceries
10/5/2020,"$163,145","$48,037","$24,643",237,North,Clothing
10/6/2020,"$154,914","$81,612","$20,193",399,West,Groceries
10/7/2020,"$162,870","$59,725","$17,096",494,East,Electronics
10/8/2020,"$176,243","$35,926","$25,307",306,East,Furniture
10/9/2020,"$74,596","$39,496","$9,214",435,East,Groceries
10/10/2020,"$192,351","$86,447","$24,611",180,West,Groceries
10/11/2020,"$171,496","$59,806","$16,023",317,South,Clothing
10/12/2020,"$190,273","$71,321","$16,950",101,West,Clothing
10/13/2020,"$198,155","$95,095","$15,704",277,West,Furniture
10/14/2020,"$180,674","$52,656","$15,343",495,North,Electronics
10/15/2020,"$180,307","$85,147","$16,867",470,West,Furniture
10/16/2020,"$79,063","$79,666","$7,745",445,East,Groceries
10/17/2020,"$127,642","$68,787","$27,475",378,South,Electronics
10/18/2020,"$150,093","$92,946","$8,866",245,South,Electronics
10/19/2020,"$95,954","$51,727","$16,956",417,South,Electronics
10/20/2020,"$87,856","$98,056","$10,818",323,East,Electronics
10/21/2020,"$62,573","$33,081","$23,606",468,East,Furniture
10/22/2020,"$95,367","$64,196","$21,093",483,East,Clothing
10/23/2020,"$159,608","$66,735","$24,176",161,East,Clothing
10/24/2020,"$120,774","$55,498","$20,493",393,East,Groceries
10/25/2020,"$83,752","$61,656","$25,447",338,West,Clothing
10/26/2020,"$115,029","$97,695","$22,908",294,East,Clothing
10/27/2020,"$190,282","$67,900","$13,224",265,East,Clothing
10/28/2020,"$111,693","$77,701","$27,582",321,East,Clothing
10/29/2020,"$176,739","$49,033","$9,025",160,East,Groceries
10/30/2020,"$115,961","$40,805","$23,950",228,South,Furniture
10/31/2020,"$186,678","$65,851","$24,187",272,East,Electronics
11/1/2020,"$134,532","$56,832","$25,093",255,West,Clothing
11/2/2020,"$141,994","$93,437","$11,155",477,West,Furniture
11/3/2020,"$116,133","$43,944","$18,839",209,West,Clothing
11/4/2020,"$121,268","$49,873","$5,719",368,North,Clothing
11/5/2020,"$91,653","$70,372","$19,890",455,South,Electronics
11/6/2020,"$181,829","$45,379","$27,900",490,East,Electronics
11/7/2020,"$188,377","$66,751","$25,963",377,North,Electronics
11/8/2020,"$61,622","$35,110","$22,356",173,East,Clothing
11/9/2020,"$108,756","$84,341","$25,102",306,North,Clothing
11/10/2020,"$100,809","$42,087","$28,779",487,North,Clothing
11/11/2020,"$76,725","$53,762","$25,786",378,West,Electronics
11/12/2020,"$111,226","$39,596","$25,936",474,West,Groceries
11/13/2020,"$141,182","$48,313","$23,591",425,North,Furniture
11/14/2020,"$89,402","$96,549","$9,426",439,West,Groceries
11/15/2020,"$64,263","$53,705","$28,303",456,North,Clothing
11/16/2020,"$107,924","$97,364","$17,512",439,South,Clothing
11/17/2020,"$134,182","$32,023","$20,064",303,West,Groceries
11/18/2020,"$95,737","$89,796","$18,767",260,West,Clothing
11/19/2020,"$161,332","$94,429","$16,308",127,West,Furniture
11/20/2020,"$149,563","$91,627","$16,477",491,South,Clothing
11/21/2020,"$188,575","$63,848","$17,903",356,North,Furniture
11/22/2020,"$161,371","$67,804","$29,770",264,East,Groceries
11/23/2020,"$98,709","$45,379","$13,680",162,West,Groceries
11/24/2020,"$81,172","$89,664","$7,204",121,North,Clothing
11/25/2020,"$71,555","$57,766","$26,729",169,South,Furniture
11/26/2020,"$113,276","$98,099","$24,660",480,East,Clothing
11/27/2020,"$117,492","$66,060","$6,102",195,West,Electronics
11/28/2020,"$149,599","$99,122","$10,243",262,South,Electronics
11/29/2020,"$71,046","$46,087","$11,614",178,South,Electronics
11/30/2020,"$176,021","$78,868","$21,299",104,East,Electronics
12/1/2020,"$64,853","$53,225","$13,707",415,North,Clothing
12/2/2020,"$180,900","$36,643","$18,913",219,West,Electronics
12/3/2020,"$119,129","$66,727","$26,607",401,West,Furniture
12/4/2020,"$174,130","$41,005","$29,968",277,North,Groceries
12/5/2020,"$181,789","$95,697","$5,630",275,North,Groceries
12/6/2020,"$98,890","$46,029","$16,908",489,North,Electronics
12/7/2020,"$126,017","$44,226","$15,847",316,East,Electronics
12/8/2020,"$192,596","$93,646","$14,171",155,East,Electronics
12/9/2020,"$160,424","$90,603","$17,721",465,West,Clothing
12/10/2020,"$75,048","$58,731","$28,067",286,East,Groceries
12/11/2020,"$114,912","$98,926","$21,661",331,South,Electronics
12/12/2020,"$94,008","$35,997","$21,616",354,West,Furniture
12/13/2020,"$191,132","$85,506","$14,744",203,East,Electronics
12/14/2020,"$143,559","$79,815","$10,690",176,North,Groceries
12/15/2020,"$115,337","$72,092","$18,401",329,South,Electronics
12/16/2020,"$170,616","$92,539","$12,659",357,North,Groceries
12/17/2020,"$73,350","$96,077","$15,601",363,West,Electronics
12/18/2020,"$84,354","$51,817","$16,704",430,North,Furniture
12/19/2020,"$105,186","$67,861","$5,025",281,East,Electronics
12/20/2020,"$88,145","$43,428","$20,384",480,East,Furniture
12/21/2020,"$146,123","$73,934","$18,705",355,West,Furniture
12/22/2020,"$80,581","$40,258","$28,852",137,North,Electronics
12/23/2020,"$148,929","$87,775","$27,794",275,West,Furniture
12/24/2020,"$83,051","$35,469","$13,652",126,North,Clothing
12/25/2020,"$111,474","$58,854","$25,148",375,South,Electronics
12/26/2020,"$151,748","$36,256","$27,983",239,East,Electronics
12/27/2020,"$185,995","$63,937","$18,379",398,West,Furniture
12/28/2020,"$129,626","$31,651","$26,486",386,South,Furniture
12/29/2020,"$66,960","$80,288","$12,006",190,South,Electronics
12/30/2020,"$96,408","$55,051","$24,867",160,West,Clothing
12/31/2020,"$154,006","$57,386","$23,378",464,West,Furniture
1/1/2021,"$117,134","$46,184","$13,682",446,South,Furniture
1/2/2021,"$192,413","$63,787","$6,072",262,North,Groceries
1/3/2021,"$150,327","$51,621","$28,091",450,South,Clothing
1/4/2021,"$191,410","$89,792","$5,215",242,West,Clothing
1/5/2021,"$71,344","$75,253","$28,989",499,South,Electronics
1/6/2021,"$192,822","$64,051","$14,915",352,North,Clothing
1/7/2021,"$127,957","$79,811","$14,784",368,East,Electronics
1/8/2021,"$165,423","$60,447","$23,990",468,East,Groceries
1/9/2021,"$118,053","$60,254","$29,734",390,South,Clothing
1/10/2021,"$137,454","$87,418","$19,824",286,North,Furniture
1/11/2021,"$150,600","$44,472","$26,165",403,East,Groceries
1/12/2021,"$182,732","$33,471","$8,313",390,South,Electronics
1/13/2021,"$97,641","$38,329","$16,033",185,South,Groceries
1/14/2021,"$89,711","$64,865","$14,968",265,North,Electronics
1/15/2021,"$130,342","$76,850","$21,241",213,West,Groceries
1/16/2021,"$166,896","$84,220","$29,147",455,South,Electronics
1/17/2021,"$147,833","$36,397","$10,939",282,West,Clothing
1/18/2021,"$116,276","$65,525","$19,696",306,West,Furniture
1/19/2021,"$79,541","$83,072","$19,794",355,East,Electronics
1/20/2021,"$154,457","$53,284","$7,295",334,West,Groceries
1/21/2021,"$104,813","$91,330","$27,069",454,North,Electronics
1/22/2021,"$199,892","$55,122","$6,696",102,East,Electronics
1/23/2021,"$84,070","$92,812","$16,185",307,East,Electronics
1/24/2021,"$140,559","$37,999","$23,330",296,East,Groceries
1/25/2021,"$101,786","$52,436","$17,001",440,South,Furniture
1/26/2021,"$197,809","$72,963","$19,350",224,South,Clothing
1/27/2021,"$96,062","$32,096","$24,167",237,West,Furniture
1/28/2021,"$111,571","$55,279","$8,644",438,East,Electronics
1/29/2021,"$85,510","$56,201","$26,625",124,East,Groceries
1/30/2021,"$79,426","$49,715","$11,420",167,North,Furniture
1/31/2021,"$97,265","$59,309","$28,941",160,West,Electronics
2/1/2021,"$126,150","$45,078","$16,837",128,North,Clothing
2/2/2021,"$147,312","$86,614","$24,029",482,West,Clothing
2/3/2021,"$149,613","$35,105","$27,973",118,West,Clothing
2/4/2021,"$134,910","$32,839","$11,353",270,South,Electronics
2/5/2021,"$112,375","$98,920","$15,541",173,South,Groceries
2/6/2021,"$181,826","$73,619","$6,932",160,North,Furniture
2/7/2021,"$95,435","$72,821","$16,486",252,West,Clothing
2/8/2021,"$156,443","$43,493","$6,757",375,East,Electronics
2/9/2021,"$194,055","$47,069","$10,085",147,South,Electronics
2/10/2021,"$83,510","$37,531","$10,637",310,East,Furniture
2/11/2021,"$154,071","$67,051","$6,116",442,North,Clothing
2/12/2021,"$66,640","$37,736","$15,759",238,South,Electronics
2/13/2021,"$104,547","$37,710","$16,691",209,South,Furniture
2/14/2021,"$114,620","$97,155","$5,492",282,West,Groceries
2/15/2021,"$175,608","$43,975","$13,811",127,North,Groceries
2/16/2021,"$67,564","$92,424","$29,272",296,West,Groceries
2/17/2021,"$173,824","$75,603","$11,474",290,South,Clothing
2/18/2021,"$139,273","$53,252","$19,385",414,North,Furniture
2/19/2021,"$134,859","$31,431","$14,738",488,South,Furniture
2/20/2021,"$170,017","$67,481","$26,342",150,North,Electronics
2/21/2021,"$183,618","$39,557","$18,979",248,South,Electronics
2/22/2021,"$185,341","$30,162","$16,755",367,East,Electronics
2/23/2021,"$89,430","$64,742","$14,797",149,East,Furniture
2/24/2021,"$87,788","$49,675","$19,607",487,West,Electronics
2/25/2021,"$129,346","$47,015","$17,867",345,East,Furniture
2/26/2021,"$156,122","$80,057","$24,127",212,South,Furniture
2/27/2021,"$99,974","$62,591","$12,866",269,South,Groceries
2/28/2021,"$167,309","$39,833","$20,449",265,East,Electronics
3/1/2021,"$76,371","$37,896","$15,685",113,West,Groceries
3/2/2021,"$105,084","$62,972","$28,544",302,East,Clothing
3/3/2021,"$121,916","$79,733","$10,451",387,North,Clothing
3/4/2021,"$133,972","$71,800","$26,642",494,North,Clothing
3/5/2021,"$72,984","$35,347","$13,548",288,North,Furniture
3/6/2021,"$93,039","$89,063","$12,186",254,East,Furniture
3/7/2021,"$145,431","$32,643","$11,102",154,East,Furniture
3/8/2021,"$143,691","$70,785","$5,619",281,East,Electronics
3/9/2021,"$118,606","$48,681","$5,882",309,North,Groceries
3/10/2021,"$162,665","$80,026","$8,642",475,West,Furniture
3/11/2021,"$165,373","$45,892","$6,296",174,South,Groceries
3/12/2021,"$84,574","$77,299","$19,122",376,East,Groceries
3/13/2021,"$194,502","$47,073","$29,820",232,West,Groceries
3/14/2021,"$92,733","$60,682","$7,895",442,South,Electronics
3/15/2021,"$62,050","$44,289","$27,977",158,South,Electronics
3/16/2021,"$169,996","$37,927","$22,313",444,South,Clothing
3/17/2021,"$93,933","$78,330","$10,366",281,West,Clothing
3/18/2021,"$84,951","$96,707","$13,711",438,West,Groceries
3/19/2021,"$92,413","$95,428","$24,596",420,North,Clothing
3/20/2021,"$172,573","$80,601","$23,793",163,West,Groceries
3/21/2021,"$195,566","$32,539","$13,199",426,West,Electronics
3/22/2021,"$182,744","$52,669","$15,717",359,West,Electronics
3/23/2021,"$149,431","$50,644","$8,423",292,South,Electronics
3/24/2021,"$103,001","$48,745","$15,211",242,East,Furniture
3/25/2021,"$127,364","$58,228","$17,782",203,North,Groceries
3/26/2021,"$184,988","$64,521","$28,360",313,East,Electronics
3/27/2021,"$105,028","$56,928","$28,978",341,East,Groceries
3/28/2021,"$191,878","$48,322","$26,542",308,West,Clothing
3/29/2021,"$184,343","$87,714","$17,474",192,North,Clothing
3/30/2021,"$188,301","$92,292","$8,667",241,East,Electronics
3/31/2021,"$186,295","$59,055","$27,357",211,East,Groceries
4/1/2021,"$94,636","$72,891","$27,620",474,North,Electronics
4/2/2021,"$84,262","$36,588","$13,277",158,West,Clothing
4/3/2021,"$140,435","$36,304","$17,424",142,East,Electronics
4/4/2021,"$188,583","$37,345","$23,852",306,South,Groceries
4/5/2021,"$101,844","$59,300","$27,601",367,East,Clothing
4/6/2021,"$124,754","$54,259","$25,003",395,South,Furniture
4/7/2021,"$137,129","$45,352","$23,020",217,West,Clothing
4/8/2021,"$100,042","$63,365","$13,155",119,East,Furniture
4/9/2021,"$121,665","$49,446","$8,583",321,North,Electronics
4/10/2021,"$176,953","$32,336","$20,515",265,North,Electronics
4/11/2021,"$178,533","$92,032","$9,009",230,East,Groceries
4/12/2021,"$133,781","$37,521","$24,710",255,West,Furniture
4/13/2021,"$126,262","$53,481","$15,410",283,West,Electronics
4/14/2021,"$106,600","$48,474","$29,532",189,North,Furniture
4/15/2021,"$136,898","$76,760","$23,601",193,East,Electronics
4/16/2021,"$90,448","$85,718","$9,967",112,West,Clothing
4/17/2021,"$86,172","$74,629","$23,753",421,North,Electronics
4/18/2021,"$67,657","$75,232","$25,022",392,South,Groceries
4/19/2021,"$172,855","$97,169","$15,695",329,East,Clothing
4/20/2021,"$67,906","$80,669","$14,135",421,South,Groceries
4/21/2021,"$121,413","$99,184","$10,722",391,South,Clothing
4/22/2021,"$114,028","$77,945","$20,514",125,West,Furniture
4/23/2021,"$67,287","$43,140","$16,128",174,West,Groceries
4/24/2021,"$93,660","$44,357","$9,444",463,West,Electronics
4/25/2021,"$120,504","$98,673","$12,618",398,East,Furniture
4/26/2021,"$162,979","$95,633","$25,331",249,South,Electronics
4/27/2021,"$94,701","$42,924","$23,060",247,East,Clothing
4/28/2021,"$143,300","$99,286","$6,196",107,West,Clothing
4/29/2021,"$143,560","$87,326","$17,297",128,South,Electronics
4/30/2021,"$103,642","$60,651","$7,787",395,East,Electronics
5/1/2021,"$125,160","$78,777","$28,816",308,East,Furniture
5/2/2021,"$77,602","$46,994","$12,927",227,North,Electronics
5/3/2021,"$163,320","$97,263","$24,702",439,East,Groceries
5/4/2021,"$148,801","$89,634","$28,073",215,West,Groceries
5/5/2021,"$85,931","$40,800","$7,176",243,East,Electronics
5/6/2021,"$154,377","$67,823","$25,127",417,South,Groceries
5/7/2021,"$89,192","$93,878","$13,792",334,East,Electronics
5/8/2021,"$106,542","$48,708","$25,806",106,North,Furniture
5/9/2021,"$187,015","$42,819","$25,208",144,South,Groceries
5/10/2021,"$102,520","$93,870","$14,171",338,South,Groceries
5/11/2021,"$124,772","$39,283","$7,451",254,North,Electronics
5/12/2021,"$110,106","$60,573","$5,628",280,West,Groceries
5/13/2021,"$141,121","$60,933","$14,821",314,South,Clothing
5/14/2021,"$85,559","$35,774","$12,778",187,West,Furniture
5/15/2021,"$165,595","$40,983","$8,696",355,South,Furniture
5/16/2021,"$93,742","$48,133","$25,058",172,South,Groceries
5/17/2021,"$129,669","$44,939","$25,313",278,West,Groceries
5/18/2021,"$195,044","$30,781","$24,149",311,South,Clothing
5/19/2021,"$130,831","$86,700","$25,753",392,West,Clothing
5/20/2021,"$172,217","$57,624","$17,972",333,North,Groceries
5/21/2021,"$101,873","$36,823","$13,307",338,West,Groceries
5/22/2021,"$166,532","$48,489","$9,956",322,North,Clothing
5/23/2021,"$186,267","$69,961","$15,195",218,South,Electronics
5/24/2021,"$194,092","$59,118","$22,076",412,West,Clothing
5/25/2021,"$101,755","$52,263","$24,546",363,South,Electronics
5/26/2021,"$145,956","$43,565","$6,105",306,West,Furniture
5/27/2021,"$146,988","$50,354","$24,392",194,North,Furniture
5/28/2021,"$105,648","$72,951","$23,545",472,North,Clothing
5/29/2021,"$185,991","$53,648","$20,417",321,West,Electronics
5/30/2021,"$175,005","$80,729","$29,729",465,North,Clothing
5/31/2021,"$62,396","$71,971","$19,188",375,South,Clothing
6/1/2021,"$144,082","$48,658","$25,083",479,South,Electronics
6/2/2021,"$188,322","$51,253","$17,602",330,East,Clothing
6/3/2021,"$192,663","$94,166","$25,170",408,North,Furniture
6/4/2021,"$71,303","$78,563","$14,256",218,South,Groceries
6/5/2021,"$131,719","$56,390","$25,584",367,West,Groceries
6/6/2021,"$159,616","$81,578","$19,212",372,North,Clothing
6/7/2021,"$184,165","$62,658","$6,913",163,South,Electronics
6/8/2021,"$146,231","$36,852","$26,904",397,North,Electronics
6/9/2021,"$67,314","$32,551","$15,593",449,West,Furniture
6/10/2021,"$79,623","$91,001","$6,772",110,South,Electronics
6/11/2021,"$165,228","$79,159","$24,164",197,East,Electronics
6/12/2021,"$157,624","$81,707","$17,996",170,East,Furniture
6/13/2021,"$171,785","$63,243","$28,807",463,North,Clothing
6/14/2021,"$146,206","$51,800","$7,871",157,West,Groceries
6/15/2021,"$129,274","$87,828","$18,234",389,South,Furniture
6/16/2021,"$193,541","$37,239","$22,044",350,West,Clothing
6/17/2021,"$113,947","$36,710","$27,626",375,South,Furniture
6/18/2021,"$108,874","$51,384","$15,521",149,North,Clothing
6/19/2021,"$109,708","$51,038","$15,642",457,South,Furniture
6/20/2021,"$134,553","$70,846","$6,132",315,West,Clothing
6/21/2021,"$128,344","$97,821","$5,699",493,West,Furniture
6/22/2021,"$109,138","$67,991","$19,534",151,North,Clothing
6/23/2021,"$107,638","$36,971","$28,854",370,West,Furniture
6/24/2021,"$138,249","$59,139","$15,230",183,South,Groceries
6/25/2021,"$165,865","$67,711","$11,297",486,North,Groceries
6/26/2021,"$62,719","$36,530","$17,839",392,South,Electronics
6/27/2021,"$102,534","$41,116","$12,812",225,West,Clothing
6/28/2021,"$152,241","$95,794","$9,557",395,North,Furniture
6/29/2021,"$186,209","$30,282","$7,179",171,South,Clothing
6/30/2021,"$152,124","$31,898","$16,030",395,West,Groceries
7/1/2021,"$151,659","$34,135","$14,065",335,West,Clothing
7/2/2021,"$135,713","$36,629","$13,275",155,East,Furniture
7/3/2021,"$135,418","$95,031","$22,806",459,West,Clothing
7/4/2021,"$188,232","$63,380","$20,089",494,South,Furniture
7/5/2021,"$91,575","$47,071","$8,180",209,North,Groceries
7/6/2021,"$123,852","$50,074","$25,700",291,East,Groceries
7/7/2021,"$192,079","$97,843","$11,696",491,West,Groceries
7/8/2021,"$136,242","$69,901","$14,583",192,West,Electronics
7/9/2021,"$89,257","$41,205","$21,998",449,West,Groceries
7/10/2021,"$121,246","$85,661","$18,869",155,South,Clothing
7/11/2021,"$61,435","$35,906","$16,757",159,East,Electronics
7/12/2021,"$151,357","$32,591","$25,954",237,South,Groceries
7/13/2021,"$196,156","$92,987","$21,654",138,East,Clothing
7/14/2021,"$143,807","$93,370","$17,258",127,North,Clothing
7/15/2021,"$175,953","$84,400","$7,468",148,South,Clothing
7/16/2021,"$198,563","$55,150","$19,208",224,South,Furniture
7/17/2021,"$183,797","$61,852","$20,042",112,North,Electronics
7/18/2021,"$123,888","$72,870","$20,639",135,East,Clothing
7/19/2021,"$133,609","$82,756","$16,546",200,West,Furniture
7/20/2021,"$69,077","$86,481","$17,327",381,North,Groceries
7/21/2021,"$80,953","$31,283","$19,270",185,West,Clothing
7/22/2021,"$174,682","$63,691","$20,523",103,West,Furniture
7/23/2021,"$127,889","$31,125","$19,300",322,North,Clothing
7/24/2021,"$175,374","$97,065","$24,991",437,East,Electronics
7/25/2021,"$84,860","$56,170","$15,775",265,West,Electronics
7/26/2021,"$137,475","$38,438","$17,265",482,North,Groceries
7/27/2021,"$147,266","$50,095","$24,459",443,South,Clothing
7/28/2021,"$160,732","$46,154","$21,673",482,South,Furniture
7/29/2021,"$87,083","$38,004","$29,504",475,South,Groceries
7/30/2021,"$117,372","$39,752","$11,614",377,North,Clothing
7/31/2021,"$183,786","$85,426","$8,252",229,South,Groceries
8/1/2021,"$67,813","$56,819","$12,415",130,West,Furniture
8/2/2021,"$91,598","$54,217","$28,155",474,South,Groceries
8/3/2021,"$153,106","$62,994","$21,662",110,South,Groceries
8/4/2021,"$87,082","$45,036","$16,116",401,West,Groceries
8/5/2021,"$89,241","$79,416","$21,964",195,South,Clothing
8/6/2021,"$71,745","$39,587","$9,958",289,West,Furniture
8/7/2021,"$86,029","$30,645","$29,829",291,South,Electronics
8/8/2021,"$183,395","$60,930","$9,276",365,West,Clothing
8/9/2021,"$149,186","$60,090","$29,381",227,South,Electronics
8/10/2021,"$197,612","$82,142","$9,776",337,West,Electronics
8/11/2021,"$157,768","$56,475","$22,208",454,North,Clothing
8/12/2021,"$101,846","$48,888","$8,832",211,West,Clothing
8/13/2021,"$135,932","$73,732","$19,901",415,South,Furniture
8/14/2021,"$83,411","$76,305","$10,445",442,South,Furniture
8/15/2021,"$138,797","$76,037","$6,380",244,East,Groceries
8/16/2021,"$112,307","$39,346","$14,865",164,West,Electronics
8/17/2021,"$194,165","$30,587","$27,918",346,North,Furniture
8/18/2021,"$82,042","$42,763","$18,926",322,West,Groceries
8/19/2021,"$112,930","$89,165","$24,540",412,West,Furniture
8/20/2021,"$157,883","$99,615","$16,580",205,North,Clothing
8/21/2021,"$93,756","$66,116","$25,691",280,West,Furniture
8/22/2021,"$113,268","$55,556","$10,634",283,North,Electronics
8/23/2021,"$108,901","$89,042","$29,959",325,North,Furniture
8/24/2021,"$159,986","$48,099","$10,810",364,West,Electronics
8/25/2021,"$188,386","$75,096","$29,917",377,West,Clothing
8/26/2021,"$65,626","$43,230","$27,318",496,South,Electronics
8/27/2021,"$198,496","$59,009","$15,179",188,South,Furniture
8/28/2021,"$72,857","$63,866","$17,251",275,East,Groceries
8/29/2021,"$193,052","$71,855","$18,131",117,East,Clothing
8/30/2021,"$86,431","$36,416","$24,493",470,West,Furniture
8/31/2021,"$144,976","$85,915","$25,466",498,North,Clothing
9/1/2021,"$142,711","$48,058","$17,707",205,East,Clothing
9/2/2021,"$86,385","$70,718","$24,624",370,West,Furniture
9/3/2021,"$78,639","$62,602","$27,412",418,East,Furniture
9/4/2021,"$145,530","$88,067","$23,233",266,North,Groceries
9/5/2021,"$81,563","$57,516","$29,881",112,West,Clothing
9/6/2021,"$175,672","$31,089","$7,749",436,North,Clothing
9/7/2021,"$196,848","$67,346","$18,156",131,West,Furniture
9/8/2021,"$199,783","$40,487","$28,064",492,East,Electronics
9/9/2021,"$142,970","$30,155","$21,589",139,South,Furniture
9/10/2021,"$145,553","$97,494","$28,736",247,East,Clothing
9/11/2021,"$142,879","$68,547","$25,975",317,East,Furniture
9/12/2021,"$196,727","$58,795","$8,450",318,South,Groceries
9/13/2021,"$104,859","$85,296","$12,214",181,South,Electronics
9/14/2021,"$112,098","$51,447","$25,195",432,West,Furniture
9/15/2021,"$182,413","$66,598","$16,814",307,West,Groceries
9/16/2021,"$60,526","$71,814","$10,141",300,North,Clothing
9/17/2021,"$128,760","$93,278","$29,885",431,North,Furniture
9/18/2021,"$107,837","$85,077","$7,708",137,East,Clothing
9/19/2021,"$71,536","$39,528","$23,375",310,South,Groceries
9/20/2021,"$88,541","$80,100","$20,088",426,North,Clothing
9/21/2021,"$139,083","$38,179","$29,847",348,East,Groceries
9/22/2021,"$94,531","$78,781","$16,834",326,South,Groceries
9/23/2021,"$68,712","$85,267","$17,278",147,West,Groceries
9/24/2021,"$164,101","$53,952","$15,014",117,East,Furniture
9/25/2021,"$125,455","$83,798","$8,273",499,West,Clothing
9/26/2021,"$134,744","$80,939","$19,367",394,North,Clothing
9/27/2021,"$189,749","$59,516","$9,538",295,North,Electronics
9/28/2021,"$65,109","$86,526","$17,541",286,South,Electronics
9/29/2021,"$109,268","$40,449","$13,712",444,East,Electronics
9/30/2021,"$114,615","$80,290","$14,168",323,West,Electronics
10/1/2021,"$142,503","$52,746","$25,106",417,South,Clothing
10/2/2021,"$145,708","$97,990","$8,551",496,North,Groceries
10/3/2021,"$162,471","$88,810","$17,297",464,North,Groceries
10/4/2021,"$143,309","$45,223","$15,965",436,East,Furniture
10/5/2021,"$186,446","$32,597","$7,832",328,West,Groceries
10/6/2021,"$166,661","$95,677","$27,063",489,East,Clothing
10/7/2021,"$66,154","$32,659","$27,963",176,West,Clothing
10/8/2021,"$124,288","$45,037","$18,422",287,West,Clothing
10/9/2021,"$111,195","$76,738","$5,152",445,East,Furniture
10/10/2021,"$80,581","$42,109","$27,138",369,South,Electronics
10/11/2021,"$90,087","$52,010","$16,156",194,East,Groceries
10/12/2021,"$129,298","$38,787","$16,108",409,East,Clothing
10/13/2021,"$106,167","$38,472","$7,800",231,North,Clothing
10/14/2021,"$99,499","$53,383","$10,310",138,North,Electronics
10/15/2021,"$185,816","$91,709","$14,944",171,East,Clothing
10/16/2021,"$156,347","$99,785","$7,610",380,East,Groceries
10/17/2021,"$108,787","$64,518","$17,067",432,North,Furniture
10/18/2021,"$95,488","$83,909","$6,104",259,West,Clothing
10/19/2021,"$134,441","$48,351","$15,728",286,East,Groceries
10/20/2021,"$82,431","$99,624","$28,745",290,South,Clothing
10/21/2021,"$121,681","$83,330","$25,583",219,South,Electronics
10/22/2021,"$182,720","$45,282","$25,238",319,South,Clothing
10/23/2021,"$109,153","$51,778","$12,263",152,East,Clothing
10/24/2021,"$66,368","$54,264","$6,914",321,West,Furniture
10/25/2021,"$172,360","$89,675","$28,749",230,West,Electronics
10/26/2021,"$172,755","$35,075","$24,456",336,North,Electronics
10/27/2021,"$116,985","$78,454","$5,406",345,East,Furniture
10/28/2021,"$110,069","$58,365","$18,689",325,West,Clothing
10/29/2021,"$112,326","$78,200","$5,166",307,East,Groceries
10/30/2021,"$168,737","$41,002","$5,508",195,North,Electronics
10/31/2021,"$110,861","$43,947","$23,045",299,North,Electronics
11/1/2021,"$135,897","$82,142","$8,664",346,North,Clothing
11/2/2021,"$187,118","$86,307","$24,873",171,South,Clothing
11/3/2021,"$128,577","$34,493","$18,050",417,East,Electronics
11/4/2021,"$69,078","$80,085","$5,680",284,North,Clothing
11/5/2021,"$122,768","$64,228","$23,908",105,East,Groceries
11/6/2021,"$111,047","$81,875","$23,504",305,South,Electronics
11/7/2021,"$131,626","$61,655","$26,644",131,South,Groceries
11/8/2021,"$117,660","$73,472","$9,357",198,North,Groceries
11/9/2021,"$192,997","$79,437","$6,363",493,North,Clothing
11/10/2021,"$177,832","$79,416","$14,523",486,West,Groceries
11/11/2021,"$190,406","$89,711","$7,292",355,East,Clothing
11/12/2021,"$185,150","$36,816","$6,538",286,North,Furniture
11/13/2021,"$93,320","$94,307","$8,408",175,West,Clothing
11/14/2021,"$124,881","$76,733","$29,126",276,East,Groceries
11/15/2021,"$150,827","$41,240","$13,752",414,North,Furniture
11/16/2021,"$162,215","$62,762","$23,287",386,West,Clothing
11/17/2021,"$194,461","$38,259","$5,174",448,West,Groceries
11/18/2021,"$121,550","$80,139","$7,230",354,East,Electronics
11/19/2021,"$84,826","$44,849","$9,287",424,West,Electronics
11/20/2021,"$160,734","$84,869","$25,544",289,East,Clothing
11/21/2021,"$158,511","$93,095","$17,112",407,East,Clothing
11/22/2021,"$71,653","$53,567","$12,106",444,East,Electronics
11/23/2021,"$141,941","$65,292","$14,689",226,South,Groceries
11/24/2021,"$93,662","$81,631","$17,046",386,West,Groceries
11/25/2021,"$158,818","$39,885","$24,555",353,East,Groceries
11/26/2021,"$155,081","$89,659","$22,951",312,North,Clothing
11/27/2021,"$96,877","$84,306","$6,151",349,South,Furniture
11/28/2021,"$171,562","$96,314","$12,619",183,South,Furniture
11/29/2021,"$132,715","$95,087","$11,033",482,West,Furniture
11/30/2021,"$170,091","$59,165","$13,560",487,East,Furniture
12/1/2021,"$192,632","$88,929","$9,946",112,West,Furniture
12/2/2021,"$139,148","$97,028","$29,618",144,South,Clothing
12/3/2021,"$143,186","$79,812","$6,907",226,East,Clothing
12/4/2021,"$183,629","$80,500","$8,490",213,North,Furniture
12/5/2021,"$130,316","$88,643","$23,919",375,East,Clothing
12/6/2021,"$88,380","$74,900","$9,173",304,South,Clothing
12/7/2021,"$170,198","$72,946","$16,065",436,North,Furniture
12/8/2021,"$62,356","$37,851","$22,677",484,East,Groceries
12/9/2021,"$130,326","$46,288","$9,769",498,North,Clothing
12/10/2021,"$152,447","$97,580","$9,796",372,North,Groceries
12/11/2021,"$174,994","$37,368","$18,046",157,South,Clothing
12/12/2021,"$80,049","$76,403","$19,211",427,North,Clothing
12/13/2021,"$165,361","$39,168","$28,255",318,West,Furniture
12/14/2021,"$76,082","$79,879","$24,356",208,South,Clothing
12/15/2021,"$60,661","$89,871","$25,306",378,West,Electronics
12/16/2021,"$62,920","$62,174","$9,997",273,North,Electronics
12/17/2021,"$139,561","$36,581","$28,416",427,West,Furniture
12/18/2021,"$68,946","$94,046","$22,376",363,East,Groceries
12/19/2021,"$76,309","$79,678","$13,112",414,North,Groceries
12/20/2021,"$115,230","$56,649","$10,287",210,East,Groceries
12/21/2021,"$171,822","$44,567","$15,578",286,West,Electronics
12/22/2021,"$172,340","$91,944","$23,624",368,East,Groceries
12/23/2021,"$119,321","$58,803","$22,860",328,North,Groceries
12/24/2021,"$192,028","$48,230","$11,426",255,East,Furniture
12/25/2021,"$134,131","$47,862","$16,599",288,West,Groceries
12/26/2021,"$85,963","$73,355","$5,389",371,West,Electronics
12/27/2021,"$161,757","$61,259","$5,999",474,West,Electronics
12/28/2021,"$159,259","$60,795","$17,812",101,North,Electronics
12/29/2021,"$99,063","$38,770","$20,599",345,West,Furniture
12/30/2021,"$174,225","$41,093","$6,855",309,North,Furniture
12/31/2021,"$176,400","$76,571","$13,125",385,East,Clothing
1/1/2022,"$140,818","$30,193","$18,794",458,West,Groceries
1/2/2022,"$64,703","$47,569","$7,763",112,East,Furniture
1/3/2022,"$132,099","$41,190","$25,047",195,South,Electronics
1/4/2022,"$91,585","$92,824","$9,986",320,East,Electronics
1/5/2022,"$103,585","$72,752","$6,481",337,South,Furniture
1/6/2022,"$86,958","$62,327","$28,640",193,East,Furniture
1/7/2022,"$86,017","$72,070","$8,731",437,North,Furniture
1/8/2022,"$184,677","$70,197","$28,646",368,East,Clothing
1/9/2022,"$89,426","$32,261","$21,835",270,North,Electronics
1/10/2022,"$77,778","$56,512","$24,477",193,North,Clothing
1/11/2022,"$102,229","$36,716","$22,266",248,West,Clothing
1/12/2022,"$146,652","$58,933","$25,792",211,North,Groceries
1/13/2022,"$188,267","$34,378","$25,452",154,South,Electronics
1/14/2022,"$186,503","$70,583","$15,758",436,West,Electronics
1/15/2022,"$144,878","$59,033","$24,661",215,West,Furniture
1/16/2022,"$117,056","$54,000","$21,311",242,East,Furniture
1/17/2022,"$79,975","$72,604","$13,566",300,North,Groceries
1/18/2022,"$148,397","$98,336","$16,889",279,North,Clothing
1/19/2022,"$93,142","$35,410","$29,335",301,South,Furniture
1/20/2022,"$86,916","$86,044","$16,254",463,East,Furniture
1/21/2022,"$124,324","$93,315","$26,074",152,East,Electronics
1/22/2022,"$185,932","$36,796","$16,442",483,West,Electronics
1/23/2022,"$195,720","$84,245","$18,521",279,West,Furniture
1/24/2022,"$156,059","$73,056","$25,979",412,West,Electronics
1/25/2022,"$158,317","$47,709","$9,559",407,South,Groceries
1/26/2022,"$95,046","$88,557","$21,199",236,South,Furniture
1/27/2022,"$161,459","$47,543","$12,291",281,West,Electronics
1/28/2022,"$105,893","$67,418","$13,160",466,East,Groceries
1/29/2022,"$161,520","$46,724","$5,112",100,South,Electronics
1/30/2022,"$185,818","$33,828","$26,515",143,East,Electronics
1/31/2022,"$121,272","$47,087","$24,581",326,East,Electronics
2/1/2022,"$127,649","$42,605","$20,924",430,North,Furniture
2/2/2022,"$124,674","$61,337","$21,523",197,West,Clothing
2/3/2022,"$146,475","$35,482","$6,424",307,North,Electronics
2/4/2022,"$121,367","$95,333","$24,333",364,West,Groceries
2/5/2022,"$181,750","$80,952","$24,552",387,West,Furniture
2/6/2022,"$178,154","$35,463","$15,808",370,East,Furniture
2/7/2022,"$104,738","$34,648","$11,043",239,West,Groceries
2/8/2022,"$93,397","$63,623","$11,989",336,East,Electronics
2/9/2022,"$142,189","$89,156","$28,620",491,East,Clothing
2/10/2022,"$136,367","$65,634","$11,261",171,West,Electronics
2/11/2022,"$180,585","$74,602","$5,887",254,East,Groceries
2/12/2022,"$136,619","$79,334","$24,488",289,East,Furniture
2/13/2022,"$171,453","$98,648","$21,433",367,East,Clothing
2/14/2022,"$79,816","$52,054","$25,335",420,South,Furniture
2/15/2022,"$197,348","$52,207","$24,944",206,East,Groceries
2/16/2022,"$139,530","$51,386","$21,402",331,South,Electronics
2/17/2022,"$168,856","$89,518","$26,205",141,South,Clothing
2/18/2022,"$131,635","$82,781","$27,724",289,East,Furniture
2/19/2022,"$167,803","$82,780","$29,442",470,East,Furniture
2/20/2022,"$95,946","$91,440","$17,253",238,South,Furniture
2/21/2022,"$115,204","$74,199","$23,990",202,South,Electronics
2/22/2022,"$75,563","$91,035","$12,846",270,East,Clothing
2/23/2022,"$152,324","$38,210","$11,432",450,East,Electronics
2/24/2022,"$69,847","$74,363","$18,452",372,West,Electronics
2/25/2022,"$86,155","$90,348","$18,395",320,South,Electronics
2/26/2022,"$139,671","$85,284","$8,765",312,South,Groceries
2/27/2022,"$176,891","$98,847","$23,822",440,West,Groceries
2/28/2022,"$143,310","$52,432","$20,950",155,South,Groceries
3/1/2022,"$191,691","$94,089","$17,502",489,North,Clothing
3/2/2022,"$94,707","$85,398","$14,741",441,South,Electronics
3/3/2022,"$141,537","$33,321","$27,742",201,West,Electronics
3/4/2022,"$151,155","$67,383","$29,703",291,North,Groceries
3/5/2022,"$60,281","$82,893","$10,941",409,East,Electronics
3/6/2022,"$192,130","$65,820","$29,028",299,West,Electronics
3/7/2022,"$136,260","$96,262","$9,855",332,West,Furniture
3/8/2022,"$124,178","$33,760","$27,931",326,East,Electronics
3/9/2022,"$93,997","$52,190","$28,580",470,West,Furniture
3/10/2022,"$179,273","$97,411","$27,295",238,South,Electronics
3/11/2022,"$192,311","$53,377","$27,865",443,East,Clothing
3/12/2022,"$186,945","$76,737","$20,166",404,West,Groceries
3/13/2022,"$105,272","$99,569","$24,145",248,East,Furniture
3/14/2022,"$149,393","$68,211","$25,840",214,East,Groceries
3/15/2022,"$121,212","$33,744","$27,745",162,East,Furniture
3/16/2022,"$180,030","$54,995","$27,077",203,North,Furniture
3/17/2022,"$116,503","$46,977","$10,788",438,West,Furniture
3/18/2022,"$197,710","$64,542","$5,201",458,North,Clothing
3/19/2022,"$66,570","$40,651","$27,544",255,West,Electronics
3/20/2022,"$128,785","$46,715","$15,561",372,South,Furniture
3/21/2022,"$69,110","$74,409","$21,901",105,South,Clothing
3/22/2022,"$139,141","$54,306","$12,737",246,South,Furniture
3/23/2022,"$72,115","$49,086","$6,988",283,West,Electronics
3/24/2022,"$99,062","$44,376","$20,441",127,East,Furniture
3/25/2022,"$82,911","$91,350","$16,737",137,East,Clothing
3/26/2022,"$164,061","$66,636","$19,256",218,North,Electronics
3/27/2022,"$92,556","$81,649","$25,186",392,North,Clothing
3/28/2022,"$188,335","$64,610","$27,192",470,South,Electronics
3/29/2022,"$61,969","$40,058","$12,162",343,North,Electronics
3/30/2022,"$103,753","$94,200","$18,065",167,West,Groceries
3/31/2022,"$195,542","$76,619","$27,625",313,West,Groceries
4/1/2022,"$181,863","$47,154","$19,114",317,North,Groceries
4/2/2022,"$70,225","$49,539","$13,399",276,North,Electronics
4/3/2022,"$183,008","$90,058","$10,633",398,North,Furniture
4/4/2022,"$165,823","$92,068","$10,755",263,North,Clothing
4/5/2022,"$73,669","$60,373","$15,825",157,South,Clothing
4/6/2022,"$184,398","$63,154","$27,693",368,South,Clothing
4/7/2022,"$170,677","$36,031","$9,117",407,North,Groceries
4/8/2022,"$108,320","$52,785","$29,729",157,West,Electronics
4/9/2022,"$185,354","$58,669","$6,518",387,South,Groceries
4/10/2022,"$148,009","$32,282","$27,547",204,West,Furniture
4/11/2022,"$88,625","$64,624","$21,346",327,East,Electronics
4/12/2022,"$84,089","$78,438","$7,600",346,West,Clothing
4/13/2022,"$96,487","$97,534","$18,237",287,North,Groceries
4/14/2022,"$170,448","$61,705","$23,579",182,East,Groceries
4/15/2022,"$110,138","$68,244","$8,554",285,South,Furniture
4/16/2022,"$114,061","$67,437","$21,193",351,South,Furniture
4/17/2022,"$161,376","$80,583","$24,233",454,East,Groceries
4/18/2022,"$139,134","$68,392","$20,253",337,West,Furniture
4/19/2022,"$107,055","$37,461","$21,194",459,South,Clothing
4/20/2022,"$79,508","$40,516","$6,742",283,North,Furniture
4/21/2022,"$170,169","$47,514","$6,306",383,East,Furniture
4/22/2022,"$68,125","$66,268","$8,849",484,North,Groceries
4/23/2022,"$96,059","$66,788","$17,360",309,East,Groceries
4/24/2022,"$163,409","$91,049","$17,768",403,South,Electronics
4/25/2022,"$65,704","$92,493","$28,903",395,West,Electronics
4/26/2022,"$171,279","$66,027","$18,032",196,East,Groceries
4/27/2022,"$178,516","$72,849","$9,195",307,East,Furniture
4/28/2022,"$174,044","$47,858","$26,562",469,North,Furniture
4/29/2022,"$89,165","$82,395","$23,939",487,South,Electronics
4/30/2022,"$127,203","$69,758","$23,689",236,North,Electronics
5/1/2022,"$64,114","$84,312","$12,619",466,South,Electronics
5/2/2022,"$96,321","$98,670","$14,280",499,North,Clothing
5/3/2022,"$133,297","$45,434","$7,642",283,East,Clothing
5/4/2022,"$156,652","$94,047","$14,369",175,North,Electronics
5/5/2022,"$159,304","$77,775","$19,296",386,West,Furniture
5/6/2022,"$77,772","$96,677","$27,793",474,South,Electronics
5/7/2022,"$163,754","$75,734","$20,438",241,South,Clothing
5/8/2022,"$63,712","$70,603","$20,674",336,East,Furniture
5/9/2022,"$192,439","$98,803","$9,757",124,South,Clothing
5/10/2022,"$175,142","$69,332","$7,994",389,West,Furniture
5/11/2022,"$151,736","$51,312","$20,226",166,North,Clothing
5/12/2022,"$111,924","$74,179","$6,271",349,East,Furniture
5/13/2022,"$63,726","$70,379","$6,813",217,West,Furniture
5/14/2022,"$149,152","$47,297","$23,845",172,South,Furniture
5/15/2022,"$87,723","$32,011","$25,504",381,South,Furniture
5/16/2022,"$186,969","$74,014","$27,508",459,West,Groceries
5/17/2022,"$160,494","$41,738","$13,475",109,North,Clothing
5/18/2022,"$95,643","$77,498","$9,396",310,North,Clothing
5/19/2022,"$163,896","$41,120","$14,283",422,East,Groceries
5/20/2022,"$199,999","$38,767","$18,318",251,South,Furniture
5/21/2022,"$153,680","$52,852","$22,200",104,West,Furniture
5/22/2022,"$156,546","$30,929","$28,688",294,North,Clothing
5/23/2022,"$139,973","$47,438","$28,715",382,East,Groceries
5/24/2022,"$123,449","$78,515","$5,082",212,South,Furniture
5/25/2022,"$169,834","$35,744","$6,920",370,South,Furniture
5/26/2022,"$85,537","$72,417","$12,817",262,East,Furniture
5/27/2022,"$137,576","$37,069","$16,683",204,East,Electronics
5/28/2022,"$167,522","$72,359","$16,336",280,North,Groceries
5/29/2022,"$82,612","$49,799","$20,596",143,West,Furniture
5/30/2022,"$66,471","$37,597","$7,093",381,South,Electronics
5/31/2022,"$91,348","$77,093","$17,905",274,West,Groceries
6/1/2022,"$61,177","$67,226","$28,455",261,South,Furniture
6/2/2022,"$195,832","$56,417","$29,351",450,South,Clothing
6/3/2022,"$92,779","$48,693","$13,367",439,West,Electronics
6/4/2022,"$81,636","$83,161","$10,285",239,East,Electronics
6/5/2022,"$141,889","$32,169","$15,896",231,North,Furniture
6/6/2022,"$113,551","$52,052","$9,937",186,South,Furniture
6/7/2022,"$106,819","$38,036","$21,753",275,East,Electronics
6/8/2022,"$133,770","$61,778","$23,202",282,South,Clothing
6/9/2022,"$138,714","$57,734","$23,485",467,North,Clothing
6/10/2022,"$84,596","$53,173","$17,977",228,South,Groceries
6/11/2022,"$124,106","$60,403","$24,874",345,North,Furniture
6/12/2022,"$119,182","$96,321","$23,163",188,North,Clothing
6/13/2022,"$147,163","$36,344","$12,674",165,South,Groceries
6/14/2022,"$99,310","$48,800","$22,748",257,South,Clothing
6/15/2022,"$116,088","$55,372","$28,678",486,North,Furniture
6/16/2022,"$188,803","$91,516","$8,676",477,East,Groceries
6/17/2022,"$199,978","$50,538","$7,426",248,West,Groceries
6/18/2022,"$96,914","$93,918","$29,648",439,North,Groceries
6/19/2022,"$170,350","$44,973","$29,473",215,South,Clothing
6/20/2022,"$105,379","$89,500","$7,962",313,South,Furniture
6/21/2022,"$106,413","$66,575","$5,859",471,East,Groceries
6/22/2022,"$197,084","$72,261","$17,048",393,West,Electronics
6/23/2022,"$67,151","$57,716","$9,138",352,North,Furniture
6/24/2022,"$117,716","$33,236","$7,424",242,North,Electronics
6/25/2022,"$153,747","$45,848","$15,409",349,West,Electronics
6/26/2022,"$181,999","$32,352","$9,017",465,North,Groceries
6/27/2022,"$174,793","$31,932","$15,451",401,West,Groceries
6/28/2022,"$168,177","$38,556","$15,278",124,South,Clothing
6/29/2022,"$72,289","$35,498","$29,944",376,West,Clothing
6/30/2022,"$146,365","$80,098","$15,996",476,North,Clothing
7/1/2022,"$174,014","$94,386","$29,726",477,West,Furniture
7/2/2022,"$132,588","$39,569","$6,134",488,East,Clothing
7/3/2022,"$123,646","$86,882","$26,550",169,South,Electronics
7/4/2022,"$63,654","$30,340","$10,119",212,South,Clothing
7/5/2022,"$78,743","$73,949","$10,694",462,West,Groceries
7/6/2022,"$108,368","$92,443","$27,520",211,North,Clothing
7/7/2022,"$197,513","$30,138","$26,869",463,East,Furniture
7/8/2022,"$179,735","$30,358","$9,164",402,South,Furniture
7/9/2022,"$179,891","$60,654","$23,730",190,South,Electronics
7/10/2022,"$167,971","$55,879","$10,039",117,North,Furniture
7/11/2022,"$72,149","$85,778","$26,281",248,North,Clothing
7/12/2022,"$160,102","$67,772","$19,631",326,East,Groceries
7/13/2022,"$119,189","$88,478","$15,442",313,West,Furniture
7/14/2022,"$131,031","$94,353","$13,252",459,North,Electronics
7/15/2022,"$102,668","$56,762","$26,425",250,West,Clothing
7/16/2022,"$148,204","$43,283","$25,285",291,East,Electronics
7/17/2022,"$97,384","$93,922","$22,721",139,West,Furniture
7/18/2022,"$141,929","$69,420","$22,568",341,South,Furniture
7/19/2022,"$187,959","$85,568","$25,810",237,West,Electronics
7/20/2022,"$136,153","$50,219","$6,551",444,East,Clothing
7/21/2022,"$135,388","$87,169","$17,625",279,East,Furniture
7/22/2022,"$91,401","$76,840","$6,629",299,East,Groceries
7/23/2022,"$179,503","$74,695","$22,910",302,West,Furniture
7/24/2022,"$187,834","$88,342","$6,361",160,South,Clothing
7/25/2022,"$94,084","$48,951","$9,370",291,North,Furniture
7/26/2022,"$170,641","$31,307","$10,283",104,South,Electronics
7/27/2022,"$165,111","$65,428","$12,610",477,West,Furniture
7/28/2022,"$198,299","$68,975","$15,558",336,West,Furniture
7/29/2022,"$96,041","$31,140","$19,924",280,North,Clothing
7/30/2022,"$148,920","$54,842","$19,839",410,West,Electronics
7/31/2022,"$125,681","$56,421","$16,949",136,East,Clothing
8/1/2022,"$141,571","$31,708","$15,626",155,East,Furniture
8/2/2022,"$187,556","$33,630","$6,993",336,East,Groceries
8/3/2022,"$86,160","$49,595","$5,869",457,East,Furniture
8/4/2022,"$77,633","$58,308","$6,014",448,East,Clothing
8/5/2022,"$77,014","$74,789","$15,103",296,West,Groceries
8/6/2022,"$140,532","$85,690","$21,986",172,North,Clothing
8/7/2022,"$109,104","$56,086","$17,013",158,North,Clothing
8/8/2022,"$137,231","$46,859","$5,690",339,East,Electronics
8/9/2022,"$128,388","$37,684","$21,873",101,West,Groceries
8/10/2022,"$76,014","$31,207","$28,248",459,South,Furniture
8/11/2022,"$152,578","$76,099","$28,624",287,South,Clothing
8/12/2022,"$100,390","$97,496","$15,748",406,West,Furniture
8/13/2022,"$83,711","$96,093","$29,170",129,East,Electronics
8/14/2022,"$151,658","$59,689","$13,024",366,North,Electronics
8/15/2022,"$117,993","$78,651","$21,678",207,West,Groceries
8/16/2022,"$67,421","$43,893","$10,488",431,South,Electronics
8/17/2022,"$77,727","$96,418","$25,411",189,South,Electronics
8/18/2022,"$172,418","$90,011","$16,035",304,South,Furniture
8/19/2022,"$64,358","$68,635","$24,296",478,East,Electronics
8/20/2022,"$125,108","$86,115","$26,128",480,South,Electronics
8/21/2022,"$154,018","$88,954","$23,257",319,West,Clothing
8/22/2022,"$184,457","$58,064","$17,855",477,West,Electronics
8/23/2022,"$91,910","$32,454","$24,642",193,South,Clothing
8/24/2022,"$186,888","$50,878","$7,817",202,West,Electronics
8/25/2022,"$115,754","$81,098","$25,025",322,South,Electronics
8/26/2022,"$169,847","$92,154","$9,458",285,South,Groceries
8/27/2022,"$98,467","$42,991","$10,307",283,North,Groceries
8/28/2022,"$93,893","$98,344","$13,933",261,East,Clothing
8/29/2022,"$136,329","$66,593","$23,425",346,East,Electronics
8/30/2022,"$91,007","$66,304","$22,063",130,North,Furniture
8/31/2022,"$114,253","$60,386","$15,659",151,North,Groceries
9/1/2022,"$72,323","$85,220","$10,738",444,East,Furniture
9/2/2022,"$171,335","$99,338","$10,668",175,South,Groceries
9/3/2022,"$172,356","$51,083","$19,427",484,South,Groceries
9/4/2022,"$170,944","$48,354","$12,697",377,East,Electronics
9/5/2022,"$76,456","$52,190","$29,417",139,South,Groceries
9/6/2022,"$91,367","$36,142","$21,446",200,North,Furniture
9/7/2022,"$114,624","$58,398","$12,829",210,South,Groceries
9/8/2022,"$128,008","$81,971","$15,751",484,South,Clothing
9/9/2022,"$185,926","$71,862","$18,450",420,West,Electronics
9/10/2022,"$175,395","$83,410","$12,352",348,West,Electronics
9/11/2022,"$176,492","$49,503","$18,516",290,West,Clothing
9/12/2022,"$132,240","$78,456","$28,299",281,South,Clothing
9/13/2022,"$124,315","$38,016","$13,326",434,East,Clothing
9/14/2022,"$70,756","$32,384","$8,644",308,North,Groceries
9/15/2022,"$96,378","$92,320","$26,354",121,South,Electronics
9/16/2022,"$195,327","$45,072","$13,003",265,East,Clothing
9/17/2022,"$185,703","$70,510","$8,278",198,South,Groceries
9/18/2022,"$116,549","$78,933","$12,296",307,North,Clothing
9/19/2022,"$133,794","$51,826","$8,074",107,South,Furniture
9/20/2022,"$105,113","$98,026","$18,261",289,North,Furniture
9/21/2022,"$134,069","$55,518","$16,173",274,South,Electronics
9/22/2022,"$196,321","$54,045","$13,312",372,North,Groceries
9/23/2022,"$185,541","$80,876","$28,936",116,South,Furniture
9/24/2022,"$69,686","$81,919","$6,637",189,North,Furniture
9/25/2022,"$113,363","$57,103","$18,652",240,West,Groceries
9/26/2022,"$157,543","$66,188","$10,103",244,South,Clothing
